@book{en_smith,
 author = {Dr. Tony Smith},
 title = {Encyklopedie lidského těla},
 year = {2005},
 isbn = {80-7321-156-4}
} 

@article{art,
 author = {Weichun Huang and Leping Li and Jason R. Myers and Gabor T. Marth },
 title = {ART: a next-generation sequencing read simulator},
 year = {2012},
 url = {https://academic.oup.com/bioinformatics/article/28/4/593/213322}
}

@article{bowtie,
 author = {Ben Langmead and Cole Trapnell and Mihai Pop and Steven L Salzberg},
 title = {Ultrafast and memory-efficient alignment of short DNA sequences to the human genome},
 year = {2009},
 url = {https://genomebiology.biomedcentral.com/articles/10.1186/gb-2009-10-3-r25}
}

@article{bowtie2,
 author = {Ben Langmead and Steven L Salzberg},
 title = {Fast gapped-read alignment with Bowtie 2},
 year = {2012},
 url = {https://www.nature.com/articles/nmeth.1923}
}


@article{ipd_database,
 author = {James Robinson and Jason A. Halliwell and Hamish McWilliam and Rodrigo Lopez and Steven G. E. Marsh},
 title = {IPD—the Immuno Polymorphism Database},
 year = {2013},
 url = {https://www.ebi.ac.uk/ipd/index.html}
}


@article{imgt_hla_database,
 author = {James Robinson and Jason A. Halliwell and Hamish McWilliam and Rodrigo Lopez and Steven G. E. Marsh},
 title = {The IMGT/HLA Database},
 year = {2013},
 url = {https://www.ebi.ac.uk/ipd/index.html}
}

@online{genome_gov,
 author = {},
 title = {DNA sequencing Fact Sheet},
 cited = {2019/03/1},
 url = {https://www.genome.gov/about-genomics/fact-sheets/DNA-Sequencing-Fact-Sheet}
}


@online{Nomenclature,
 author = {Robinson J and Halliwell JA and Hayhurst JH and Flicek P and Parham P and Marsh SGE},
 key = {The IPD and IMGT/HLA database: allele variant databases},
 title = {Nomenclature},
 publisher = {Nucleic Acids Research},
 year = {2015},
 cited = {2019/10/1},
 note = {43:D423-431},
 url = {http://hla.alleles.org/misc/citing.html}
}

@phdthesis{KIR_transplantace_jindra,
  author       = {MUDr. Pavel Jindra, Ph. D.}, 
  title        = {Imunopatologické a imunogenetické aspekty transplantací krvetvorných buněk a solidních orgánů},
  school       = {Universita Karlova v Praze},
  year         = 2011
}


@thesis{Frycova_bakalarka,
  author       = {Michaela Fryčová}, 
  title        = {Lze u pacientů s AML indikovaných k nepříbuzenské transplantaci provádět v klinické praxi výběr 			nepříbuzných dárců na základě KIR genotypů},
  school       = {Jihočeská univerzita v Českých Budějovicích},
  year         = 2016,
}

@article{sekvenovani_ziva,
 author = {Martin Kolísko},
 title = {Moderní metody sekvenování DNA},
 year = {2017},
 url = {https://ziva.avcr.cz/files/ziva/pdf/moderni-metody-sekvenovani-dna.pdf}
}

@article{MIC,
 author = {Lucie Hernychová},
 title = {Receptory NK buněk},
 year = {2012},
 url = {}
}


@book{transfuzni_lekarstvi,
 author = {Miroslav Penka and Eva Tesařová a kolektiv},
 title = {Hematologie a transfuzní lékařství II},
 year = {2012},
 isbn = {978-80-247-3460-6}
}

@online{haploidenticka_transplantace,
 title = {S transplantací kostní dřeně stále častěji pomáhají příbuzní},
 url = {https://ct24.ceskatelevize.cz/domaci/2527141-s-transplantaci-kostni-drene-stale-casteji-pomahaji-pribuzni}
}



%obrazky
@article{KIR_img_nomenklatura,
  title={NK cell MHC class I specific receptors (KIR): from biology to clinical intervention.},
  author={Ariane Thielens and Eric Vivier and François Romagn{\'e}},
  journal={Current opinion in immunology},
  year={2012},
  volume={24 2},
  pages={239-45},
}

@article{NK_receptors,
 author = {Davide Bernareggi and Somayeh Pouyanfard and Dan S. Kaufman},
 title = {Development of innate immune cells from human pluripotent steam cells},
 year = {2019},
 url = {https://www.sciencedirect.com/science/article/pii/S0301472X19300037?via%3Dihub}
}

@article{KIR_img_princip,
 author = {Geoffrey S.Kannana and ArianexysAquino-Lopez and Dean A.Leed},
 title = {Natural killer cells in malignant hematology: A primer for the non-immunologist},
 year = {2017},
 url = {https://www.sciencedirect.com/science/article/pii/S0268960X16300704}
}

@article{elektroforeza_img,
 author = {Ivo Papoušek},
 title = {Elektroforéza nukleových kyselin},
 year = {2017},
 url = {https://fvhe.vfu.cz/files/mbhp_2018_02.pdf}
}

@online{human_cell,
 title = {Basic genetics},
 cited = {2020/12/3},
 url = {https://kintalk.org/genetics-101/}
}

@online{chromosome_structure,
 title = {Chromosome},
 cited = {2020/12/3},
 url = {https://www.genome.gov/genetics-glossary/Chromosome}
}
