@book{en_smith,
 author = {Dr. Tony Smith},
 title = {Envyklopedie lidského těla},
 year = {2005},
 isbn = {80-7321-156-4},
} 

@article{Hoare1961,
 author = {Hoare, C. A. R.},
 title = {Algorithm 64: {Q}uicksort},
 journal = {Commun. ACM},
 issue_date = {July 1961},
 volume = {4},
 number = {7},
 month = jul,
 year = {1961},
 issn = {0001-0782},
 pages = {321},
 url = {http://doi.acm.org/10.1145/366622.366644},
 doi = {10.1145/366622.366644},
 acmid = {366644},
 publisher = {ACM},
 address = {New York, NY, USA},
}

@online{Graphics2D,
 author = {},
 key = {Java SE Documentation - Graphics},
 title = {Class Graphics2D},
 publisher = {Oracle},
 year = {2016},
 cited = {2016/03/09},
 note = {Java {SE} Documentation},
 url = {https://docs.oracle.com/javase/7/docs/api/java/awt/Graphics2D.html}
}

@online{Nomenclature,
 author = {Robinson J, Halliwell JA, Hayhurst JH, Flicek P, Parham P, Marsh SGE},
 key = {The IPD and IMGT/HLA database: allele variant databases},
 title = {Nomenclature},
 publisher = {Nucleic Acids Research},
 year = {2015},
 cited = {2019/10/1},
 note = {43:D423-431},
 url = {http://hla.alleles.org/misc/citing.html}
}